[gd_resource type="Theme" load_steps=15 format=3 uid="uid://u1ql4eeo2o8x"]

[ext_resource type="Texture2D" uid="uid://bda1803efkowf" path="res://visuals/patches/patch-button-normal1-down.png" id="1_1bdah"]
[ext_resource type="FontFile" uid="uid://clmk2pjw6fl2t" path="res://visuals/typography/codin9-bold.ttf" id="1_irjao"]
[ext_resource type="StyleBox" uid="uid://7ryrpfuf8oyp" path="res://visuals/patches/patch-button-focus.tres" id="1_jwgtq"]
[ext_resource type="StyleBox" uid="uid://bvg2073l2bqfq" path="res://visuals/patches/patch-button-hover.tres" id="2_kgr4i"]
[ext_resource type="StyleBox" uid="uid://ccu6d5ica3f4" path="res://visuals/patches/patch-button-normal.tres" id="3_i5vmk"]
[ext_resource type="StyleBox" uid="uid://bnaw5cd54bngc" path="res://visuals/patches/patch-button-pressed.tres" id="4_jw4ru"]
[ext_resource type="StyleBox" uid="uid://befspmlhln1ub" path="res://visuals/patches/patch-scroll_bar-grabber.tres" id="5_iao1j"]
[ext_resource type="StyleBox" uid="uid://biq5ochsvyrd" path="res://visuals/patches/patch-scroll_bar-grabber_pressed.tres" id="6_5785y"]
[ext_resource type="StyleBox" uid="uid://b0dl71115xr1s" path="res://visuals/patches/patch-scroll_bar-grabber_highlight.tres" id="6_gwkho"]
[ext_resource type="StyleBox" uid="uid://dclbsry0ibej" path="res://visuals/patches/patch-chem_element_button-normal-light.tres" id="6_ht7gx"]
[ext_resource type="StyleBox" uid="uid://d0gdwolc1e6lk" path="res://visuals/patches/patch-scroll_bar-scroll.tres" id="7_53od2"]
[ext_resource type="StyleBox" uid="uid://ce6lu6afm06py" path="res://visuals/patches/patch-panel-background-gui_light.tres" id="11_jjleo"]
[ext_resource type="FontFile" uid="uid://tf7lhxcsi0qp" path="res://visuals/typography/codin9-medium.ttf" id="12_4lxgl"]

[sub_resource type="StyleBoxTexture" id="StyleBoxTexture_vbin1"]
content_margin_left = 2.0
content_margin_top = 2.0
content_margin_right = 1.0
content_margin_bottom = 2.0
texture = ExtResource("1_1bdah")
texture_margin_left = 2.0
texture_margin_top = 2.0
texture_margin_right = 2.0
texture_margin_bottom = 2.0
region_rect = Rect2(0, 0, 7, 7)
modulate_color = Color(0.627451, 0.627451, 0.627451, 1)

[resource]
Button/colors/font_color = Color(0, 0, 0, 1)
Button/colors/font_disabled_color = Color(0.25098, 0.25098, 0.25098, 1)
Button/colors/font_focus_color = Color(0, 0, 0, 1)
Button/colors/font_hover_color = Color(0, 0, 0, 1)
Button/colors/font_hover_pressed_color = Color(0, 0, 0, 1)
Button/colors/font_outline_color = Color(1, 0.972549, 0.941176, 1)
Button/colors/font_pressed_color = Color(0, 0, 0, 1)
Button/font_sizes/font_size = 20
Button/fonts/font = ExtResource("1_irjao")
Button/styles/disabled = SubResource("StyleBoxTexture_vbin1")
Button/styles/focus = ExtResource("1_jwgtq")
Button/styles/hover = ExtResource("2_kgr4i")
Button/styles/normal = ExtResource("3_i5vmk")
Button/styles/pressed = ExtResource("4_jw4ru")
ChemElementButton/base_type = &"Button"
ChemElementButton/styles/normal = ExtResource("6_ht7gx")
GridContainer/constants/h_separation = 0
GridContainer/constants/v_separation = 0
HBoxContainer/constants/separation = 4
HScrollBar/styles/grabber = ExtResource("5_iao1j")
HScrollBar/styles/grabber_highlight = ExtResource("6_gwkho")
HScrollBar/styles/grabber_pressed = ExtResource("6_5785y")
HScrollBar/styles/scroll = ExtResource("7_53od2")
Label/colors/font_color = Color(0, 0, 0, 1)
Label/colors/font_outline_color = Color(1, 0.972549, 0.941176, 1)
Label/font_sizes/font_size = 20
LineEdit/font_sizes/font_size = 20
Panel/styles/panel = ExtResource("11_jjleo")
ProgressBar/font_sizes/font_size = 20
RichTextLabel/colors/default_color = Color(0, 0, 0, 1)
RichTextLabel/colors/font_outline_color = Color(1, 0.972549, 0.941176, 1)
RichTextLabel/constants/line_separation = 3
RichTextLabel/constants/outline_size = 0
RichTextLabel/font_sizes/normal_font_size = 20
RichTextLabel/fonts/bold_font = ExtResource("1_irjao")
RichTextLabel/fonts/normal_font = ExtResource("12_4lxgl")
TabContainer/font_sizes/font_size = 20
Tree/font_sizes/font_size = 20
VBoxContainer/constants/separation = 0
VScrollBar/styles/grabber = ExtResource("5_iao1j")
VScrollBar/styles/grabber_highlight = ExtResource("5_iao1j")
VScrollBar/styles/grabber_pressed = ExtResource("5_iao1j")
VScrollBar/styles/scroll = ExtResource("7_53od2")
